@Book{ Padfield:book,
	title = "Helicopter Flight Dynamics",
	author = "Gareth D. Padfield",
	publisher = "Blackwell Science Ltd",
	year = "1996"
}

@Book{ Johnson:book,
	title = "Helicopter Theory",
	author = "Wayne Johnson",
	publisher = "Princenton university press",
	year = "1980"
}

@TechReport{ WGS84,
	title = "Department of Defense World Geodetic System 1984, Its Definition and Relationships With Local Geodetic Systems",
	author = "NIMA",
	institution = "National Imaginery and Mapping Agency",
	year = "1997",
	month = jul,
	number = "NIMA TR8350.2"
}

@Book{ LopezRuiz,
	title = "Helic{\'o}pteros: Teor{\'i}a y Dise{\~n}o Conceptual",
	author = "J.L. L{\'o}pez Ruiz",
	publisher = "Editorial E.T.S.I Aeron{\'a}uticos",
	year = "1993"
}

@TechReport{ RM3021,
	title = "The Effect of the Ground on a Helicopter Rotor in Forward Flight",
	author = "I.C.Cheeseman and W.E. Bennett",
	institution = "Ministry of Supply",
	year = "1957",
	number = "R\&M 3021"
}

@Article{ PittPeters1,
	title = "Theoretical Prediction of Dynamic-Inflow Derivatives",
	author = "Dale M. Pitt and David A. Peters",
	journal = "Vertica",
	pages = "21-34",
	volume = "5",
	year = "1981"
}

@Article{ PittPeters2,
	title = "Dynamic Inflow for Practical Applications",
	author = "David A. Peters and Ninh HaQuang",
	journal = "Journal of the American Helicopter Society",
	pages = "64-68",
	year = "1988",
	month = oct
}

@Unpublished{ fgfs,
	title = "The FlightGear Flight Simulator",
	author = "Alexander R. Perry",
	note = "Presentado en UseLinux 2004"
}

@TechReport{ NASATM84281,
	title = "A Mathematical Modelo of Single Main Rotor Helicopter for Piloted Simulation",
	author = "Peter D.Talbot and Bruce E. Tinling and William A. Decker and Robert T.N. Chen",
	institution = "NASA",
	number = "NASA TM 84281",
	year = "1982",
	month = sep
}

@Article{ cuaternios,
	title = "NPSNET: Flight Simulation Dynamic Modeling Using Quaternions",
	author = "Joseph M. Cooke and Michael J. Zyda and David R. Pratt and Robert B. McGhee",
	journal = "Presence",
	pages = "404-420",
	number = "4",
	volume = "1",
	year = "1994",
	month = jan
}

@TechReport{ NASATM104000,
	title = "Performance and Rotor Loads Measurements of the Lynx XZ170 Helicopter with Rectangular Blades",
	author = "Benton H. Lau and Alexander W. Louise and Nicholas Griffiths and Costatinos P. Sotiriou",
	institution = "NASA",
	number = "NASA-TM-104000",
	year = "1993",
	month = may
}

@TechReport{ UH60:Simple,
	title = "A Mathematical Model of the UH-60 Helicopter",
	author = "Kathryn B. Hilbert",
	institution = "NASA",
	number = "NASA TM 85890",
	year = "1984",
	month = apr
}

@TechReport{ UH60:GenHel,
	title = "UH-60A Black Hawk Engineering Simulation Program: Volume I - Mathematical Model",
	author = "J.J. Howlett",
	institution = "NASA",
	number = "NASA CONTRACTOR REPORT 166309",
	year = "1981",
	month = dec
}

@Book{ numerico,
	title = "C{\'a}lculo Num{\'e}rico en Ecuaciones Diferenciales Ordinarias",
	author = "Juan A. Hern{\'a}ndez",
	publisher = "Aula Documental de Investigaci{\'o}n",
	year = "2000"
}

@Book{ recipes,
	title = "Numerical Recipes in C",
	author = "William H. Press and Saul A. Teukolsky and William T. Vetterling and Brian P. Flannery",
	publisher = "Cambridge University Press",
	edition = "Second",
	year = "2002"
}

@Book{ GPS,
	title = "Gps Satellite Surveying",
	author = "Alfred Leick",
	publisher = "John Wiley \& Sons",
	year = "1990"
}

@Book{ Test,
	title = "Helicopter Test and Evaluation",
	author = "Alastair K. Cooke and Eric W. H. Fitzpatrick",
	publisher = "Blackwell Science ",
	year = "2002"
}

